<collection xmlns="http://www.loc.gov/MARC21/slim">
<record>
  <leader>01259nam0a22002771i 450 </leader>
  <controlfield tag="001">IT\ICCU\CNCE\050567</controlfield>
  <controlfield tag="005">20031010000000.0</controlfield>
  <datafield tag="100" ind1=" " ind2=" ">
    <subfield code="a">20000126d1566        0itac0103    ba</subfield>
  </datafield>
  <datafield tag="101" ind1=" " ind2=" ">
    <subfield code="a">ITA</subfield>
  </datafield>
  <datafield tag="102" ind1=" " ind2=" ">
    <subfield code="a">IT</subfield>
  </datafield>
  <datafield tag="200" ind1="1" ind2=" ">
    <subfield code="a">℗Il ℗ratto d&apos;Helena. Tragicomedia. Di Anello Paulilli nap. Secondo l&apos;antiche favole</subfield>
  </datafield>
  <datafield tag="210" ind1=" " ind2=" ">
    <subfield code="a">Napoli</subfield>
    <subfield code="c">appresso Gio. Maria Scotto</subfield>
    <subfield code="d">1566</subfield>
  </datafield>
  <datafield tag="215" ind1=" " ind2=" ">
    <subfield code="a">\4!, 42, \1! c.</subfield>
    <subfield code="d">8ʻ</subfield>
  </datafield>
  <datafield tag="300" ind1=" " ind2=" ">
    <subfield code="a">E&apos; LA SECONDA PARTE DI 50560!</subfield>
  </datafield>
  <datafield tag="620" ind1=" " ind2=" ">
    <subfield code="a">IT</subfield>
    <subfield code="d">Napoli</subfield>
  </datafield>
  <datafield tag="700" ind1=" " ind2="1">
    <subfield code="a">Paolillo,</subfield>
    <subfield code="b">Anello</subfield>
    <subfield code="3">IT\ICCU\CNCA\012542</subfield>
  </datafield>
  <datafield tag="712" ind1="0" ind2="0">
    <subfield code="a">Scoto, Giovanni Maria</subfield>
    <subfield code="3">IT\ICCU\CNCT\000524</subfield>
    <subfield code="4">650</subfield>
  </datafield>
  <datafield tag="790" ind1=" " ind2="1">
    <subfield code="a">Paulilli,</subfield>
    <subfield code="b">Anello</subfield>
    <subfield code="3">IT\ICCU\CNCA\021486</subfield>
    <subfield code="z">Paolillo, Anello</subfield>
  </datafield>
  <datafield tag="790" ind1=" " ind2="1">
    <subfield code="a">Paolilla,</subfield>
    <subfield code="b">Anello</subfield>
    <subfield code="3">IT\ICCU\CNCA\021487</subfield>
    <subfield code="z">Paolillo, Anello</subfield>
  </datafield>
  <datafield tag="791" ind1="0" ind2="0">
    <subfield code="a">Scotto, Giovanni Maria</subfield>
    <subfield code="3">IT\ICCU\CNCT\004086</subfield>
    <subfield code="z">Scoto, Giovanni Maria</subfield>
  </datafield>
  <datafield tag="791" ind1="0" ind2="0">
    <subfield code="a">Scotus, Ioannes Maria</subfield>
    <subfield code="3">IT\ICCU\CNCT\005626</subfield>
    <subfield code="z">Scoto, Giovanni Maria</subfield>
  </datafield>
  <datafield tag="791" ind1="0" ind2="0">
    <subfield code="a">Scottus, Joannes Maria</subfield>
    <subfield code="3">IT\ICCU\CNCT\005627</subfield>
    <subfield code="z">Scoto, Giovanni Maria</subfield>
  </datafield>
  <datafield tag="791" ind1="0" ind2="0">
    <subfield code="a">Scotti, Giovanni Maria</subfield>
    <subfield code="3">IT\ICCU\CNCT\005628</subfield>
    <subfield code="z">Scoto, Giovanni Maria</subfield>
  </datafield>
  <datafield tag="801" ind1=" " ind2="3">
    <subfield code="a">IT</subfield>
    <subfield code="b">ICCU</subfield>
    <subfield code="c">20201115</subfield>
  </datafield>
  <datafield tag="899" ind1=" " ind2=" ">
    <subfield code="a">Biblioteca dell&apos;Accademia nazionale dei Lincei e Corsiniana. Roma</subfield>
    <subfield code="1">RM0418</subfield>
    <subfield code="2">RML 10</subfield>
  </datafield>
  <datafield tag="899" ind1=" " ind2=" ">
    <subfield code="a">Biblioteca Storica di Ateneo &quot;Arturo Graf&quot;. Torino</subfield>
    <subfield code="1">TO0529</subfield>
    <subfield code="2">UTO 23</subfield>
  </datafield>
</record>
</collection>
